<?xml version="1.0" encoding="UTF-8" ?>
<record Numero="12388549" format="InterXMarc_Complet" type="Authority">
<leader>00532n1 ap22000272  45  <Pos Code="0004">00532</Pos>
<Pos Code="05" Sens="Notice nouvelle">n</Pos>
<Pos Code="06" Sens="Notice validée en catalogage courant">1</Pos>
<Pos Code="08" Sens="Notice d&apos;autorité">a</Pos>
<Pos Code="09" Sens="Personne physique">p</Pos>
<Pos Code="10">2</Pos>
<Pos Code="11">2</Pos>
<Pos Code="1216">00027</Pos>
<Pos Code="17" Sens="Autres cas">2</Pos>
<Pos Code="20">4</Pos>
<Pos Code="21">5</Pos>
</leader>
<controlfield tag="001">FRBNF123885497<Pos Code="0001">FR</Pos>
<Pos Code="0204">BNF</Pos>
<Pos Code="0512">12388549</Pos>
<Pos Code="13">7</Pos>
</controlfield>
<controlfield tag="008">940420940422useng           1878      1955                 a 1   <Pos Code="0001">94</Pos>
<Pos Code="0203">04</Pos>
<Pos Code="0405">20</Pos>
<Pos Code="0607">94</Pos>
<Pos Code="0809">04</Pos>
<Pos Code="1011">22</Pos>
<Pos Code="1213" Sens="États-Unis">us</Pos>
<Pos Code="1416" Sens="anglais">eng</Pos>
<Pos Code="2831">1878</Pos>
<Pos Code="3841">1955</Pos>
<Pos Code="59" Sens="Responsabilité intellectuelle ou artistique">a</Pos>
<Pos Code="61" Sens="La vedette peut être liée à une notice bibliographique sauf pour l&apos;accès matière RAMEAU">1</Pos>
</controlfield>
<datafield tag="045" ind1=" " ind2=" ">
	<subfield code="a" Sens="Auteur">a</subfield>
</datafield>
<datafield tag="100" ind1=" " ind2=" ">
	<subfield code="w"> 0  b.....</subfield>
	<subfield code="a">Kasner</subfield>
	<subfield code="m">Edward</subfield>
	<subfield code="d">1878-1955</subfield>
</datafield>
<datafield tag="600" ind1=" " ind2=" ">
	<subfield code="a">Mathématicien</subfield>
	<subfield code="a">A été en poste à Columbia university, New York, New York (en 1913)</subfield>
</datafield>
<datafield tag="610" ind1=" " ind2=" ">
	<subfield code="a">The logarithmic potential and other monographs / Griffith Conrad Evans, Gilbert Ames Bliss, Kasner Edward, 1980</subfield>
</datafield>
<datafield tag="610" ind1=" " ind2=" ">
	<subfield code="a">LCNA (CD OCLC), 1993-12 : Kasner, Edward, 1878-1955</subfield>
</datafield>
<datafield tag="612" ind1=" " ind2=" ">
	<subfield code="a">Encyclopedic dictionary of mathematics, 1987</subfield>
</datafield>
<datafield tag="907" ind1=" " ind2=" ">
	<subfield code="o">GEA</subfield>
	<subfield code="a">005166129</subfield>
</datafield>
<datafield tag="917" ind1=" " ind2=" ">
	<subfield code="o">OPL</subfield>
	<subfield code="a">010154908</subfield>
</datafield>
<Attr Nom="IDPerenne">ark:/12148/cb123885498</Attr>
<Attr Nom="NumSource">OPL 010154908</Attr>
<Attr Nom="Source" Sens="Imprimés / BN-Opale (1970-1999)">B</Attr>
<Attr Nom="NbAutoritesTICLiees">0</Attr>
<Attr Nom="NbAutoritesTUMLiees">0</Attr>
<Attr Nom="DateCreation">26/04/ 1994</Attr>
<Attr Nom="ResponsableCreation">MIGV1</Attr>
<Attr Nom="StructCreation">1</Attr>
<Attr Nom="DateDerniereValidation">19/09/ 1994</Attr>
<Attr Nom="ResponsableDerniereValidation">MIGV1</Attr>
<Attr Nom="StructPremiereValidation">1</Attr>
<Attr Nom="DatePremiereValidation">19/09/ 1994</Attr>
<Attr Nom="ResponsablePremiereValidation">MIGV1</Attr>
<Attr Nom="StructDerniereValidation">1</Attr>
<Attr Nom="NumSource">OPL 010154897</Attr>
</record>
